<?xml version="1.0" encoding="UTF-8"?><collection xmlns="http://www.loc.gov/MARC21/slim"><record><leader>00634nam--2200229-u-4500</leader><controlfield tag="001">000050466</controlfield><controlfield tag="002">20161230</controlfield><controlfield tag="003">81838</controlfield><controlfield tag="005">20161230201048</controlfield><controlfield tag="008">070323s1000------------r-----000-0-eng-d</controlfield><datafield ind1=" " ind2=" " tag="020"><subfield code="a">0306483270</subfield></datafield><datafield ind1=" " ind2=" " tag="040"><subfield code="a">IFIN-HH</subfield></datafield><datafield ind1=" " ind2=" " tag="080"><subfield code="a">536.2(539.2:538.9)</subfield></datafield><datafield ind1="1" ind2=" " tag="100"><subfield code="a">Tritt,Terry M.(Ed.)</subfield></datafield><datafield ind1="1" ind2="0" tag="245"><subfield code="a">Thermal Conductivity</subfield><subfield code="b">Theory, Properties and Applications</subfield><subfield code="c">Terry M. Tritt (Ed.)</subfield></datafield><datafield ind1=" " ind2=" " tag="260"><subfield code="a">New York</subfield><subfield code="b">Springer</subfield><subfield code="c">2004</subfield></datafield><datafield ind1=" " ind2=" " tag="300"><subfield code="a">283 p</subfield></datafield><datafield ind1=" " ind2=" " tag="490"><subfield code="a">Physics of Solid and Liquid</subfield></datafield><datafield ind1=" " ind2=" " tag="504"><subfield code="a">Include Index</subfield></datafield><datafield ind1=" " ind2="4" tag="650"><subfield code="a">Thermal Conductivity of Metals</subfield></datafield><datafield ind1=" " ind2=" " tag="852"><subfield code="a">81838</subfield><subfield code="c">536</subfield></datafield><datafield ind1=" " ind2=" " tag="CAT"><subfield code="a">Sys</subfield><subfield code="c">20110512</subfield><subfield code="h">112159</subfield></datafield></record></collection>